% ....názov súboru je: literatura.bib
% kniha
@book{Kvasnička:NS,
	author = "Vladimír Kvasnička and Ľubica Beňušková and Jiří Pospíchal and Igor Farkaš and Peter Tiňo and Andrej Kráľ",
	title = "Úvod do teórie neurónových sietí",
	publisher = "IRIS-Knižní klub",
	year = 1997
}

% zdroj na webe
@misc{Lúčny,
	author = "Andrej Lúčny",
	title = "Nové možnosti fyzickej interakcie hráča s počítačovou hrou",
	howpublished = "\url{https://www.agentspace.org/andy/avfx-lucny.pdf}",
}

% zdroj na webe
@misc{Muráň,
	author = "Juraj Muráň",
	title = "Úvod do neurónových sietí",
	howpublished = "\url{https://umelainteligencia.sk/uvod-do-neuronovych-sieti/}",
}